
<marc:record><marc:leader>01080cam a2200289 a 4500</marc:leader>
<marc:controlfield tag="001">40767</marc:controlfield>
<marc:controlfield tag="003">NNELS</marc:controlfield><marc:controlfield tag="005">20180110230657.0</marc:controlfield><marc:controlfield tag="008">771018s1977    enkabe j      000 1 eng  </marc:controlfield><marc:datafield tag="010" ind1=" " ind2=" "><marc:subfield code="a">77367141</marc:subfield></marc:datafield><marc:datafield tag="015" ind1=" " ind2=" "><marc:subfield code="a">GB77-02639</marc:subfield></marc:datafield><marc:datafield tag="019" ind1="1" ind2=" "><marc:subfield code="a">1047765</marc:subfield></marc:datafield><marc:datafield tag="020" ind1=" " ind2=" "><marc:subfield code="a">0192713922</marc:subfield></marc:datafield><marc:datafield tag="040" ind1=" " ind2=" "><marc:subfield code="a">LC</marc:subfield><marc:subfield code="b">eng</marc:subfield><marc:subfield code="c">LC</marc:subfield><marc:subfield code="d">ANB</marc:subfield></marc:datafield><marc:datafield tag="050" ind1="0" ind2="0"><marc:subfield code="a">PZ7.S966</marc:subfield><marc:subfield code="b">Bl 1977b</marc:subfield></marc:datafield><marc:datafield tag="082" ind1="0" ind2="4"><marc:subfield code="a">[Fic]</marc:subfield></marc:datafield><marc:datafield tag="100" ind1="1" ind2=" "><marc:subfield code="a">Sutcliff, Rosemary.</marc:subfield></marc:datafield><marc:datafield tag="245" ind1="1" ind2="0"><marc:subfield code="a">Blood feud /</marc:subfield><marc:subfield code="c">Rosemary Sutcliff ; illustrated by Charles Keeping.</marc:subfield></marc:datafield><marc:datafield tag="264" ind1=" " ind2=" "><marc:subfield code="a">London :</marc:subfield><marc:subfield code="b">Oxford University Press,</marc:subfield><marc:subfield code="c">1976 [i.e. 1977]</marc:subfield></marc:datafield><marc:datafield tag="300" ind1=" " ind2=" "><marc:subfield code="a">ix, 144 p. :</marc:subfield><marc:subfield code="b">ill., map (on lining paper), plan (on lining paper) ;</marc:subfield><marc:subfield code="c">23 cm.</marc:subfield></marc:datafield><marc:datafield tag="506" ind1=" " ind2=" "><marc:subfield code="a">Restricted to use by people with a documented print impairment.</marc:subfield></marc:datafield><marc:datafield tag="520" ind1=" " ind2=" "><marc:subfield code="a">Sold into slavery to the Northmen in the tenth century, a young Englishman becomes involved in a blood feud which leads him to Constantinople and a totally different way of life.</marc:subfield></marc:datafield><marc:datafield tag="650" ind1=" " ind2="1"><marc:subfield code="a">Vikings</marc:subfield><marc:subfield code="x">Fiction.</marc:subfield></marc:datafield><marc:datafield tag="651" ind1=" " ind2="1"><marc:subfield code="a">Istanbul (Turkey)</marc:subfield><marc:subfield code="x">History</marc:subfield><marc:subfield code="x">Fiction.</marc:subfield></marc:datafield><marc:datafield tag="935" ind1=" " ind2=" "><marc:subfield code="9">(AuCNLDY)259027</marc:subfield></marc:datafield><marc:datafield tag="935" ind1=" " ind2=" "><marc:subfield code="a">842521</marc:subfield></marc:datafield><marc:datafield tag="984" ind1=" " ind2=" "><marc:subfield code="a">ANL</marc:subfield><marc:subfield code="c">823.914 S965bl &lt;00642570&gt;</marc:subfield></marc:datafield></marc:record>