
<marc:record><marc:leader>01556cam a2200361 a 4500</marc:leader>
<marc:controlfield tag="001">40762</marc:controlfield>
<marc:controlfield tag="003">NNELS</marc:controlfield><marc:controlfield tag="005">20180110225910.0</marc:controlfield><marc:controlfield tag="008">040114s2004    tnu           000 1 eng  </marc:controlfield><marc:datafield tag="010" ind1=" " ind2=" "><marc:subfield code="a">  2004000633</marc:subfield></marc:datafield><marc:datafield tag="020" ind1=" " ind2=" "><marc:subfield code="a">0785261818 (trade paper)</marc:subfield></marc:datafield><marc:datafield tag="020" ind1=" " ind2=" "><marc:subfield code="z">97807852618110 (trade paper)</marc:subfield></marc:datafield><marc:datafield tag="040" ind1=" " ind2=" "><marc:subfield code="a">DLC</marc:subfield><marc:subfield code="c">DLC</marc:subfield><marc:subfield code="d">VP@</marc:subfield><marc:subfield code="d">UtOrBLW</marc:subfield></marc:datafield><marc:datafield tag="043" ind1=" " ind2=" "><marc:subfield code="a">n-us-sc</marc:subfield></marc:datafield><marc:datafield tag="050" ind1="0" ind2="0"><marc:subfield code="a">PS3613.A7778</marc:subfield><marc:subfield code="b">D43 2004</marc:subfield></marc:datafield><marc:datafield tag="082" ind1="0" ind2="0"><marc:subfield code="a">813/.6</marc:subfield><marc:subfield code="2">22</marc:subfield></marc:datafield><marc:datafield tag="100" ind1="1" ind2=" "><marc:subfield code="a">Martin, Charles,</marc:subfield><marc:subfield code="d">1969-</marc:subfield></marc:datafield><marc:datafield tag="245" ind1="1" ind2="4"><marc:subfield code="a">The dead don't dance :</marc:subfield><marc:subfield code="b">a novel of awakening /</marc:subfield><marc:subfield code="c">Charles Martin.</marc:subfield></marc:datafield><marc:datafield tag="264" ind1=" " ind2=" "><marc:subfield code="a">Nashville :</marc:subfield><marc:subfield code="b">WestBow Press,</marc:subfield><marc:subfield code="c">c2004.</marc:subfield></marc:datafield><marc:datafield tag="300" ind1=" " ind2=" "><marc:subfield code="a">315 p. ;</marc:subfield><marc:subfield code="c">22 cm.</marc:subfield></marc:datafield><marc:datafield tag="506" ind1=" " ind2=" "><marc:subfield code="a">Restricted to use by people with a documented print impairment.</marc:subfield></marc:datafield><marc:datafield tag="520" ind1=" " ind2=" "><marc:subfield code="a">A sleepy rural town in South Carolina. The end of summer and a baby about to be born. But in the midst of hope and celebration comes unexpected tragedy, and Dylan Styles must come to terms with how much he's lost. Will the music of his heart be stilled forever--or will he choose to dance with life once more, in spite of sorrow and heartbreak? The Dead Don't Dance is a bittersweet yet triumphant love story--a tale of one man's spiritual journey through the darkness of despair and into the light of hope.</marc:subfield></marc:datafield><marc:datafield tag="650" ind1=" " ind2="0"><marc:subfield code="a">Country life</marc:subfield><marc:subfield code="v">Fiction.</marc:subfield></marc:datafield><marc:datafield tag="650" ind1=" " ind2="0"><marc:subfield code="a">Loss (Psychology)</marc:subfield><marc:subfield code="v">Fiction.</marc:subfield></marc:datafield><marc:datafield tag="651" ind1=" " ind2="0"><marc:subfield code="a">South Carolina</marc:subfield><marc:subfield code="v">Fiction.</marc:subfield></marc:datafield><marc:datafield tag="655" ind1=" " ind2="0"><marc:subfield code="a">Psychological fiction.</marc:subfield><marc:subfield code="2">lcsh</marc:subfield></marc:datafield><marc:datafield tag="655" ind1=" " ind2="0"><marc:subfield code="a">Love stories.</marc:subfield><marc:subfield code="2">gsafd</marc:subfield></marc:datafield><marc:datafield tag="913" ind1=" " ind2=" "><marc:subfield code="a">BKCT</marc:subfield></marc:datafield><marc:datafield tag="935" ind1=" " ind2=" "><marc:subfield code="a">(SITKA)102707999</marc:subfield></marc:datafield><marc:datafield tag="935" ind1=" " ind2=" "><marc:subfield code="a">(OCoLC)54096358 </marc:subfield></marc:datafield><marc:datafield tag="995" ind1=" " ind2=" "><marc:subfield code="a">0</marc:subfield></marc:datafield><marc:datafield tag="996" ind1=" " ind2=" "><marc:subfield code="a">1205638</marc:subfield></marc:datafield><marc:datafield tag="997" ind1=" " ind2=" "><marc:subfield code="a">2174142</marc:subfield></marc:datafield></marc:record>