
<marc:record><marc:leader>02140nam a22002294  4500</marc:leader>
<marc:controlfield tag="001">40761</marc:controlfield>
<marc:controlfield tag="003">NNELS</marc:controlfield><marc:controlfield tag="005">20180110225646.0</marc:controlfield><marc:controlfield tag="006">m    ||  d |      </marc:controlfield><marc:controlfield tag="007">cr un|||||||||</marc:controlfield><marc:controlfield tag="008">141028s2014||||||||||||s|||||||||||eng||</marc:controlfield><marc:datafield tag="020" ind1=" " ind2=" "><marc:subfield code="a">9781443417990</marc:subfield></marc:datafield><marc:datafield tag="037" ind1=" " ind2=" "><marc:subfield code="a">ef2d789</marc:subfield></marc:datafield><marc:datafield tag="040" ind1=" " ind2=" "><marc:subfield code="a">MnSpTMCL</marc:subfield><marc:subfield code="b">eng</marc:subfield><marc:subfield code="c">MnSpTMCL</marc:subfield></marc:datafield><marc:datafield tag="072" ind1=" " ind2=" "><marc:subfield code="a">HIS006020</marc:subfield><marc:subfield code="2">bisacsh</marc:subfield></marc:datafield><marc:datafield tag="100" ind1="1" ind2=" "><marc:subfield code="a">Sakamoto, Mark.</marc:subfield><marc:subfield code="4">aut</marc:subfield></marc:datafield><marc:datafield tag="245" ind1="1" ind2="0"><marc:subfield code="a">Forgiveness</marc:subfield><marc:subfield code="b">A Gift from My Grandparents</marc:subfield></marc:datafield><marc:datafield tag="264" ind1=" " ind2=" "><marc:subfield code="a">[S.l.]:</marc:subfield><marc:subfield code="b">HarperCollins Canada,</marc:subfield><marc:subfield code="c">2014.</marc:subfield></marc:datafield><marc:datafield tag="300" ind1=" " ind2=" "><marc:subfield code="a">272 p.</marc:subfield></marc:datafield><marc:datafield tag="506" ind1=" " ind2=" "><marc:subfield code="a">Restricted to use by people with a documented print impairment.</marc:subfield></marc:datafield><marc:datafield tag="520" ind1=" " ind2=" "><marc:subfield code="a">The heart-rending true story of two families on either side of the Second World War&amp;#x97;and a moving tribute to the nature of forgiveness When the Second World War broke out, Ralph MacLean traded his quiet yet troubled life on the Magdalene Islands in eastern Canada for the ravages of war overseas. On the other side of the country, Mitsue Sakamoto and her family felt their pleasant life in Vancouver starting to fade away after the Japanese attack on Pearl Harbor. Ralph found himself one of the many Canadians captured by the Japanese in December 1941. He would live out his war in a prison camp, enduring beatings, starvation, electric feet and a journey on a hell ship to Japan, watching his friends and countrymen die all around him. Mitsue and her family were ordered out of their home and were packed off to a work farm in rural Alberta, leaving many of their possessions behind. By the end of the war, Ralph was broken but had survived. The Sakamotos lost everything when the community centre housing their possessions was burned to the ground, and the $25 compensation from the government meant they had no choice but to start again. Forgiveness intertwines the compelling stories of Ralph MacLean and the Sakamotos as the war rips their lives and their humanity out of their grasp. But somehow, despite facing such enormous transgressions against them, the two families learned to forgive. Without the depth of their forgiveness, this book&amp;#x2019;s author, Mark Sakamoto, would never have existed.</marc:subfield></marc:datafield><marc:datafield tag="521" ind1=" " ind2=" "><marc:subfield code="a">General adult.</marc:subfield></marc:datafield></marc:record>