
<marc:record><marc:leader>02169nam a22002418i 4500</marc:leader>
<marc:controlfield tag="001">40759</marc:controlfield>
<marc:controlfield tag="003">NNELS</marc:controlfield><marc:controlfield tag="005">20180110225331.0</marc:controlfield><marc:controlfield tag="008">150821s2018    onc           000 0aeng  </marc:controlfield><marc:datafield tag="020" ind1=" " ind2=" "><marc:subfield code="a">9780345810526 (paperback)</marc:subfield></marc:datafield><marc:datafield tag="100" ind1="1" ind2=" "><marc:subfield code="a">Davidson, Craig,</marc:subfield><marc:subfield code="d">1976-,</marc:subfield><marc:subfield code="e">author.</marc:subfield></marc:datafield><marc:datafield tag="245" ind1="1" ind2="0"><marc:subfield code="a">Precious cargo :</marc:subfield><marc:subfield code="b">my year driving the kids on school bus 3077 /</marc:subfield><marc:subfield code="c">Craig Davidson.</marc:subfield></marc:datafield><marc:datafield tag="264" ind1=" " ind2="1"><marc:subfield code="a">Toronto :</marc:subfield><marc:subfield code="b">Vintage Canada,</marc:subfield><marc:subfield code="c">2018.</marc:subfield></marc:datafield><marc:datafield tag="300" ind1=" " ind2=" "><marc:subfield code="a">pages cm.</marc:subfield></marc:datafield><marc:datafield tag="506" ind1=" " ind2=" "><marc:subfield code="a">Restricted to use by people with a documented print impairment.</marc:subfield></marc:datafield><marc:datafield tag="520" ind1=" " ind2=" "><marc:subfield code="a"> In this new work of riveting and timely non-fiction, Davidson tells the unvarnished story of one transformative year in his life and of his unlikely relationships with a handful of unique and vibrant children who were, to his initial astonishment and bewilderment, and eventual delight, placed in his care for a couple of hours each day--the kids on school bus 3077. One morning in 2008, desperate and impoverished while trying unsuccessfully to write, Davidson plucked a flyer out of his mailbox that read, &quot;Bus Drivers Wanted.&quot; That was the first step towards an unlikely new career: driving a school bus full of special-needs kids for a year. Armed only with a sense of humour akin to that of his charges, a creative approach to the challenge of driving a large, awkward vehicle while corralling a rowdy gang of kids, and unexpected reserves of empathy, Davidson takes us along for the ride. He shows us how his evolving relationship with the kids on that bus, each of them struggling physically as well as emotionally and socially, slowly but surely changed his life along with the lives of the &quot;precious cargo&quot; in his care. This is the extraordinary story of that year and those relationships. It is also a moving, important and universal story about how we see and treat people with special needs in our society.</marc:subfield></marc:datafield><marc:datafield tag="600" ind1="1" ind2="0"><marc:subfield code="a">Davidson, Craig,</marc:subfield><marc:subfield code="d">1976-</marc:subfield></marc:datafield><marc:datafield tag="650" ind1=" " ind2="0"><marc:subfield code="a">Bus drivers</marc:subfield><marc:subfield code="z">Canada</marc:subfield><marc:subfield code="v">Biography.</marc:subfield></marc:datafield><marc:datafield tag="650" ind1=" " ind2="5"><marc:subfield code="a">Authors, Canadian (English)</marc:subfield><marc:subfield code="v">Biography.</marc:subfield></marc:datafield><marc:datafield tag="650" ind1=" " ind2="0"><marc:subfield code="a">Students with disabilities</marc:subfield><marc:subfield code="x">Transportation.</marc:subfield></marc:datafield><marc:datafield tag="650" ind1=" " ind2="0"><marc:subfield code="a">Children with disabilities</marc:subfield><marc:subfield code="x">Transportation.</marc:subfield></marc:datafield><marc:datafield tag="650" ind1=" " ind2="0"><marc:subfield code="a">Children with disabilities</marc:subfield><marc:subfield code="x">Care.</marc:subfield></marc:datafield><marc:datafield tag="650" ind1=" " ind2="0"><marc:subfield code="a">School buses.</marc:subfield></marc:datafield></marc:record>