
<marc:record><marc:leader>01362cam a2200253 a 4500</marc:leader>
<marc:controlfield tag="001">40765</marc:controlfield>
<marc:controlfield tag="003">NNELS</marc:controlfield><marc:controlfield tag="005">20180110230402.0</marc:controlfield><marc:controlfield tag="008">160108s2009    enka   e b    001 0 eng d</marc:controlfield><marc:datafield tag="020" ind1=" " ind2=" "><marc:subfield code="a">9781847246820 (hc)</marc:subfield></marc:datafield><marc:datafield tag="020" ind1=" " ind2=" "><marc:subfield code="a">1847246826 (hc)</marc:subfield></marc:datafield><marc:datafield tag="040" ind1=" " ind2=" "><marc:subfield code="a">BTCTA</marc:subfield><marc:subfield code="c">BTCTA</marc:subfield><marc:subfield code="d">QBX</marc:subfield><marc:subfield code="d">CDX</marc:subfield><marc:subfield code="d">CFA</marc:subfield><marc:subfield code="d">KN4</marc:subfield><marc:subfield code="d">VP@</marc:subfield><marc:subfield code="d">CaNSH</marc:subfield></marc:datafield><marc:datafield tag="050" ind1=" " ind2="4"><marc:subfield code="a">HV8657</marc:subfield><marc:subfield code="b">.C76 2009</marc:subfield></marc:datafield><marc:datafield tag="082" ind1="0" ind2="4"><marc:subfield code="a">365/.641</marc:subfield><marc:subfield code="2">22</marc:subfield></marc:datafield><marc:datafield tag="100" ind1="1" ind2=" "><marc:subfield code="a">Crofton, Ian.</marc:subfield></marc:datafield><marc:datafield tag="245" ind1="1" ind2="0"><marc:subfield code="a">Great Escapes :</marc:subfield><marc:subfield code="b">Alcatraz, the Berlin Wall, Colditz, Devil's Island and 20 other stories of daring, audacity and ingenuity /</marc:subfield><marc:subfield code="c">Ian Crofton.</marc:subfield></marc:datafield><marc:datafield tag="264" ind1=" " ind2=" "><marc:subfield code="a">London :</marc:subfield><marc:subfield code="b">Quercus,</marc:subfield><marc:subfield code="c">c2009.</marc:subfield></marc:datafield><marc:datafield tag="300" ind1=" " ind2=" "><marc:subfield code="a">186 p. :</marc:subfield><marc:subfield code="b">ill. ;</marc:subfield><marc:subfield code="c">28 cm.</marc:subfield></marc:datafield><marc:datafield tag="504" ind1=" " ind2=" "><marc:subfield code="a">Includes bibliographical references and index.</marc:subfield></marc:datafield><marc:datafield tag="506" ind1=" " ind2=" "><marc:subfield code="a">Restricted to use by people with a documented print impairment.</marc:subfield></marc:datafield><marc:datafield tag="520" ind1=" " ind2=" "><marc:subfield code="a">Great Escapes brings together extraordinary stories of daring escapes from prison, prisoner-of-war camps and other places of incarceration and confinement, drawn from every period of history and from every corner of the world. In addition to telling the stories of the most celebrated and notorious of prison breaks, including Alcatraz, Great Escapes recounts the classic POW escape stories of World War II, including the 'Great Escape' (immortalized by the eponymous 1960s movie starring Steve McQueen).</marc:subfield></marc:datafield><marc:datafield tag="650" ind1=" " ind2="0"><marc:subfield code="a">Escapes</marc:subfield><marc:subfield code="x">History.</marc:subfield></marc:datafield><marc:datafield tag="935" ind1=" " ind2=" "><marc:subfield code="a">(OCoLC)298185618</marc:subfield></marc:datafield><marc:datafield tag="948" ind1=" " ind2=" "><marc:subfield code="d">2016/01/08</marc:subfield></marc:datafield></marc:record>