
<marc:record><marc:leader>01085nam a2200145Ia 4500</marc:leader>
<marc:controlfield tag="001">40758</marc:controlfield>
<marc:controlfield tag="003">NNELS</marc:controlfield><marc:controlfield tag="005">20180110225038.0</marc:controlfield><marc:controlfield tag="008">180110s9999    xx            000 0 und d</marc:controlfield><marc:datafield tag="020" ind1=" " ind2=" "><marc:subfield code="a">9780771024306</marc:subfield></marc:datafield><marc:datafield tag="100" ind1=" " ind2=" "><marc:subfield code="a">Sharon Bala</marc:subfield></marc:datafield><marc:datafield tag="245" ind1=" " ind2="4"><marc:subfield code="a">The Boat People</marc:subfield></marc:datafield><marc:datafield tag="264" ind1=" " ind2=" "><marc:subfield code="b">Random House, Inc.</marc:subfield></marc:datafield><marc:datafield tag="506" ind1=" " ind2=" "><marc:subfield code="a">Restricted to use by people with a documented print impairment.</marc:subfield></marc:datafield><marc:datafield tag="520" ind1=" " ind2=" "><marc:subfield code="a">Mahindan was flat on his back when the screaming began, one arm right-angled over his eyes. He heard the whistle and thud of falling artillery, the cries of the dying. Mortar shells and rockets, the whole world on fire. Then another sound. It cut through the clamor so that for a drawn-out second there was nothing else, only him and his son and the bomb that arched through the sky with a shrill banshee scream, spinning nose aimed straight for them. Mahindan fought to open his eyes. His limbs were pinned down and heavy. He struggled to move, to call out in terror, to clamber and run. The ground rumbled. The shell exploded, shard of hot metal spitting in its wake. The tent was rent in helf. Mahindan jolted awake.</marc:subfield></marc:datafield></marc:record>
</marc:collection>
